<record><leader>00000cas a2200000Ia 4500</leader><controlfield tag="001">12240426</controlfield><controlfield tag="008">850708d18891901ksuwr ne      0    0eng d</controlfield><datafield ind1=" " ind2=" " tag="010"><subfield code="a">sn 85030634 </subfield></datafield><datafield ind1=" " ind2=" " tag="040"><subfield code="a">KSH</subfield><subfield code="b">eng</subfield><subfield code="c">KSH</subfield><subfield code="d">NPT</subfield><subfield code="d">OCLCQ</subfield></datafield><datafield ind1="0" ind2="4" tag="245"><subfield code="a">The Preston plain dealer.</subfield></datafield><datafield ind1="3" ind2="0" tag="246"><subfield code="a">Preston plaindealer</subfield></datafield><datafield ind1="1" ind2="3" tag="246"><subfield code="a">Plain Preston dealer</subfield><subfield code="f">Dec. 28, 1889</subfield></datafield><datafield ind1=" " ind2=" " tag="260"><subfield code="a">Preston, Kan. :</subfield><subfield code="b">James A. Bryan,</subfield><subfield code="c">1889-1901.</subfield></datafield><datafield ind1=" " ind2=" " tag="300"><subfield code="a">13 v. :</subfield><subfield code="b">ill. ;</subfield><subfield code="c">59 cm.</subfield></datafield><datafield ind1=" " ind2=" " tag="310"><subfield code="a">Weekly</subfield></datafield><datafield ind1="0" ind2=" " tag="362"><subfield code="a">Vol. 1, no. 1 (Mar. 9, 1889)-v. 13, no. 21 (Aug. 31, 1901).</subfield></datafield><datafield ind1=" " ind2=" " tag="500"><subfield code="a">Published by: Bryan &amp; Venters, Jan. 4-&lt;June 14, 1890&gt;; J.G. Oliver, &lt;Aug. 2, 1890&gt;-Aug. 31, 1901.</subfield></datafield><datafield ind1=" " ind2=" " tag="752"><subfield code="a">United States</subfield><subfield code="b">Kansas</subfield><subfield code="c">Pratt</subfield><subfield code="d">Preston.</subfield></datafield><datafield ind1="0" ind2="4" tag="785"><subfield code="t">Pratt County republican (Pratt, Kan. : 1899)</subfield><subfield code="w">(DLC)sn 85030646</subfield></datafield></record>